<record><leader>00000cas a22000007a 4500</leader><controlfield tag="001">47181523</controlfield><controlfield tag="008">010622d19851988azuwr ne      0   a0eng d</controlfield><datafield ind1=" " ind2=" " tag="010"><subfield code="a">sn2001060074</subfield></datafield><datafield ind1=" " ind2=" " tag="040"><subfield code="a">ANN</subfield><subfield code="b">eng</subfield><subfield code="c">ANN</subfield><subfield code="d">OCLCF</subfield><subfield code="d">OCLCO</subfield></datafield><datafield ind1="1" ind2=" " tag="029"><subfield code="a">AU@</subfield><subfield code="b">000022778448</subfield></datafield><datafield ind1=" " ind2=" " tag="042"><subfield code="a">msc</subfield></datafield><datafield ind1=" " ind2=" " tag="043"><subfield code="a">n-us-az</subfield></datafield><datafield ind1="0" ind2=" " tag="130"><subfield code="a">Scottsdale independent (Scottsdale, Ariz. : 1985)</subfield></datafield><datafield ind1="0" ind2="0" tag="245"><subfield code="a">Scottsdale independent.</subfield></datafield><datafield ind1=" " ind2=" " tag="250"><subfield code="a">Central ed.</subfield></datafield><datafield ind1=" " ind2=" " tag="260"><subfield code="a">Scottsdale, Ariz. :</subfield><subfield code="b">Independent Newspapers, Inc.,</subfield></datafield><datafield ind1=" " ind2=" " tag="300"><subfield code="a">v. :</subfield><subfield code="b">ill.</subfield></datafield><datafield ind1=" " ind2=" " tag="310"><subfield code="a">Weekly</subfield></datafield><datafield ind1="0" ind2=" " tag="362"><subfield code="a">Vol. 1, no. 1 (Feb. 6-12, 1985)-</subfield></datafield><datafield ind1="1" ind2=" " tag="362"><subfield code="a">Ceased in July 1988</subfield></datafield><datafield ind1=" " ind2=" " tag="500"><subfield code="a">Labelled as Central edition, Oct. 29/Nov. 4, 1986-Jan7/13, 1987; early issues lack edition statement.</subfield></datafield><datafield ind1=" " ind2="0" tag="651"><subfield code="a">Scottsdale (Ariz.)</subfield><subfield code="v">Newspapers.</subfield></datafield><datafield ind1=" " ind2="0" tag="651"><subfield code="a">Maricopa County (Ariz.)</subfield><subfield code="v">Newspapers.</subfield></datafield><datafield ind1=" " ind2="7" tag="655"><subfield code="a">Newspapers.</subfield><subfield code="2">fast</subfield><subfield code="0">(OCoLC)fst01423814</subfield></datafield><datafield ind1=" " ind2="7" tag="651"><subfield code="a">Arizona</subfield><subfield code="z">Maricopa County.</subfield><subfield code="2">fast</subfield><subfield code="0">(OCoLC)fst01217111</subfield></datafield><datafield ind1=" " ind2="7" tag="651"><subfield code="a">Arizona</subfield><subfield code="z">Scottsdale.</subfield><subfield code="2">fast</subfield><subfield code="0">(OCoLC)fst01204372</subfield></datafield><datafield ind1=" " ind2=" " tag="752"><subfield code="a">United States</subfield><subfield code="b">Arizona</subfield><subfield code="c">Maricopa</subfield><subfield code="d">Scottsdale.</subfield></datafield><datafield ind1="0" ind2=" " tag="775"><subfield code="t">North Scottsdale rancher</subfield><subfield code="w">(DLC)sn 2001060071</subfield></datafield><datafield ind1="0" ind2=" " tag="775"><subfield code="t">Scottsdale independent (Scottsdale, Ariz. : 1986)</subfield><subfield code="w">(DLC)sn 2001060075</subfield></datafield><datafield ind1="0" ind2="0" tag="785"><subfield code="t">North Scottsdale independent (Scottsdale, Ariz. : 1988)</subfield><subfield code="w">(DLC)sn 2001060076</subfield></datafield></record>